@article{hbao,
  author        = {Louis Bavoil and Miguel Sainz},
  title         = {Image-Space Horizon-Based Ambient Occlusion},
  journal       = {Siggraph},
  year          = {2008},
  url           = {http://developer.nvidia.com/object/siggraph-2008-HBAO.html}  }